% Encoding: UTF-8

@Article{aguiar2003framework,
  author = {Aguiar, Ademar Manuel Teixeira de},
  title  = {Framework documentation: A minimalist approach},
  year   = {2003},
}

@Book{buyya2016big,
  title     = {Big data: principles and paradigms},
  publisher = {Morgan Kaufmann},
  year      = {2016},
  author    = {Buyya, Rajkumar and Calheiros, Rodrigo N and Dastjerdi, Amir Vahid},
}

@InProceedings{chung2013data,
  author       = {Chung, Ping-Tsai and Chung, Sarah H},
  title        = {On data integration and data mining for developing business intelligence},
  booktitle    = {Systems, Applications and Technology Conference (LISAT), 2013 IEEE Long Island},
  year         = {2013},
  pages        = {1--6},
  organization = {IEEE},
}

@InProceedings{demchenko2013addressing,
  author       = {Demchenko, Yuri and Grosso, Paola and De Laat, Cees and Membrey, Peter},
  title        = {Addressing big data issues in scientific data infrastructure},
  booktitle    = {Collaboration Technologies and Systems (CTS), 2013 International Conference on},
  year         = {2013},
  pages        = {48--55},
  organization = {IEEE},
}

@Article{lawler2004hr,
  author    = {Lawler III, Edward E and Levenson, Alec R and Boudreau, John W},
  title     = {HR metrics and analytics: Use and impact},
  journal   = {People and Strategy},
  year      = {2004},
  volume    = {27},
  number    = {4},
  pages     = {27},
  publisher = {Human Resource Planning Society},
}

@Article{goldman2012apache,
  author  = {Goldman, Alfredo and Kon, Fabio and Junior, Francisco Pereira and Polato, Ivanilton and de F{\'a}tima Pereira, Rosangela},
  title   = {Apache Hadoop: conceitos te{\'o}ricos e pr{\'a}ticos, evolu{\c{c}}{\~a}o e novas possibilidades},
  journal = {XXXI Jornadas de atualiza{\c{c}}oes em informatica},
  year    = {2012},
  pages   = {88--136},
}

@InProceedings{katal2013big,
  author       = {Katal, Avita and Wazid, Mohammad and Goudar, RH},
  title        = {Big data: issues, challenges, tools and good practices},
  booktitle    = {Contemporary Computing (IC3), 2013 Sixth International Conference on},
  year         = {2013},
  pages        = {404--409},
  organization = {IEEE},
}

@InProceedings{lakoju2016strategic,
  author       = {Lakoju, Mike and Serrano, Alan},
  title        = {A strategic approach for visualizing the value of big data (SAVV-BIGD) framework},
  booktitle    = {Big Data (Big Data), 2016 IEEE International Conference on},
  year         = {2016},
  pages        = {1334--1339},
  organization = {IEEE},
}

@Book{marquesone2016big,
  title     = {Big Data: t{\'e}cnicas e tecnologias para extra{\c{c}}ao de valor dos dados},
  publisher = {Editora Casa do C{\'o}digo},
  year      = {2016},
  author    = {Marquesone, Rosangela},
}

@Article{menezes2016mineraccao,
  author  = {Menezes, Sandro Loiola and Freitas, Rebeca Schroeder and Parpinelli, Rafael Stubs},
  title   = {Minera{\c{c}}ao em grandes massas de dados utilizando hadoop mapreduce e algoritmos bio-inspirados: Uma revisao sistem{\'a}tica},
  journal = {Revista de Inform{\'a}tica Te{\'o}rica e Aplicada},
  year    = {2016},
  volume  = {23},
  number  = {1},
  pages   = {69--101},
}

@InProceedings{sachin2012survey,
  author       = {Sachin, R Barahate and Vijay, M Shelake},
  title        = {A survey and future vision of data mining in educational field},
  booktitle    = {Advanced Computing \& Communication Technologies (ACCT), 2012 Second International Conference on},
  year         = {2012},
  pages        = {96--100},
  organization = {IEEE},
}

@InProceedings{serrano2017medical,
  author       = {Serrano, Estefania and Blas, Javier Garcia and Carretero, Jesus and Abella, Monica and Desco, Manuel},
  title        = {Medical Imaging Processing on a Big Data platform using Python: Experiences with Heterogeneous and Homogeneous Architectures},
  booktitle    = {Proceedings of the 17th IEEE/ACM International Symposium on Cluster, Cloud and Grid Computing},
  year         = {2017},
  pages        = {830--837},
  organization = {IEEE Press},
}

@InProceedings{shinde2017big,
  author       = {Shinde, Priyanka P and Oza, Kavita S and Kamat, RK},
  title        = {Big data predictive analysis: Using R analytical tool},
  booktitle    = {I-SMAC (IoT in Social, Mobile, Analytics and Cloud)(I-SMAC), 2017 International Conference on},
  year         = {2017},
  pages        = {839--842},
  organization = {IEEE},
}

@InProceedings{yadav2015efforts,
  author       = {Yadav, Ravindra Kumar and Naaz, Khan Atiya},
  title        = {Efforts toward Research and Development on Inconsistencies and Analytical Tools of Big Data},
  booktitle    = {Computational Intelligence and Communication Networks (CICN), 2015 International Conference on},
  year         = {2015},
  pages        = {845--850},
  organization = {IEEE},
}

@InProceedings{xhafa2015processing,
  author       = {Xhafa, Fatos and Naranjo, Victor and Caball{\'e}, Santi},
  title        = {Processing and analytics of big data streams with yahoo! s4},
  booktitle    = {Advanced Information Networking and Applications (AINA), 2015 IEEE 29th International Conference on},
  year         = {2015},
  pages        = {263--270},
  organization = {IEEE},
}

@Article{kedouk2016,
  author    = {Kedouk, Marcia},
  title     = {\textit{People Analytics}: O novo jeito de olhar as pessoas},
  year      = {2016},
  volume    = {Revista VOCÊ RH},
  pages     = {18--28},
  month     = {Outubro/Novembro},
  note      = {Acesso em: 14 agosto. 2017},
  address   = {http://www.revistavocerh.com.br},
  edition   = {46},
  publisher = {EXAME},
}

@Article{alves2015people,
  author    = {Alves, Fernando AND Lins, João},
  title     = {\textit{People Analytics}: Estágio atual da análise de dados aplicada à gestão de pessoas no Brasil},
  year      = {2015},
  month     = {Agosto},
  note      = {Acesso em: 30 agosto. 2017},
  address   = {Disponível em: https://www.pwc.com.br/pt/estudos/servicos/consultoria-negocios/2015/peopleanalytics-br-15.html},
  publisher = {PwC Brasil},
}

@Online{Apache2018,
  author = {Apache},
  title  = {What Is Apache Hadoop ?{@ONLINE}},
  month  = {março},
  year   = {2018},
  note   = {Acesso em: 02 maio. 2018},
  url    = {http://hadoop.apache.org/},
}

@Online{ApacheProject2018,
  author = {Apache},
  title  = {Projects by category Big Data ?{@ONLINE}},
  month  = {maio},
  year   = {2018},
  note   = {Acesso em: 20 março. 2018},
  url    = {https://projects.apache.org/projects.html?category#big-data},
}

@Book{van2007sistemas,
  title     = {SISTEMAS DISTRIBUIDOS: principios e paradigmas (2a. ed.).},
  publisher = {Pearson Educaci{\'o}n},
  year      = {2007},
  author    = {VAN STEEN TANENBAUM, A.S. and Van Steen, M.},
  isbn      = {9788576051428},
  url       = {https://books.google.com.br/books?id=r2SGPgAACAAJ},
}

@Article{hdfs2012,
  author    = {Chevreuil, R. W. and Almeida, M.F. and Lima, E. F.},
  title     = {Usando o \textit{Hadoop Distributed File System} (HDFS)},
  year      = {2012},
  volume    = {Revista MUNDO J},
  pages     = {44--49},
  month     = {Julho/Agosto},
  note      = {Acesso em: 23 Abril. 2018},
  edition   = {54},
  publisher = {MUNDO},
}

@Article{MundoJ2012,
  author  = {Forchesatto, Andre Luiz and Chevreuil, Wellington Ramos and Almeida, Fabio Moreira de},
  title   = {Processando dados com Hadoop},
  journal = {MundoJ},
  year    = {2012},
  volume  = {52},
  number  = {IX},
  pages   = {38–47},
  month   = {Mar},
}

@Article{PHILIPCHEN2014,
  author   = {C.L. Philip Chen and Chun-Yang Zhang},
  title    = {Data-intensive applications, challenges, techniques and technologies: A survey on Big Data},
  journal  = {Information Sciences},
  year     = {2014},
  volume   = {275},
  number   = {Supplement C},
  pages    = {314 - 347},
  issn     = {0020-0255},
  doi      = {https://doi.org/10.1016/j.ins.2014.01.015},
  file     = {:Arquivos\\Artigos\\PhilipChen2014.pdf:PDF},
  keywords = {Big Data, Data-intensive computing, e-Science, Parallel and distributed computing, Cloud computing},
  url      = {http://www.sciencedirect.com/science/article/pii/S0020025514000346},
}

@Comment{jabref-meta: databaseType:bibtex;}
